@Article{Huang79,
  author = 	 {Huang, T.S. and Yang, G.T. and Tang, G.Y.},
  title = 	 {A Fast Two-dimensional Median Filtering Algorithm},
  journal = 	 {IEEE Transactions on Acoustics, Speech, and Signal Processing},
  year = 	 1979,
  volume =	 1,
  pages =	 {13-18}
}

@InProceedings{Weiss,
  author = 	 {Weiss, B.},
  title = 	 {Fast median and bilateral filtering},
  booktitle = 	 {SIGGRAPH 2006 (accepted)},
  OPTcrossref =  {},
  OPTkey = 	 {},
  OPTpages = 	 {},
  OPTyear = 	 {},
  OPTeditor = 	 {},
  OPTvolume = 	 {},
  OPTnumber = 	 {},
  OPTseries = 	 {},
  OPTaddress = 	 {},
  OPTmonth = 	 {},
  OPTorganization = {},
  OPTpublisher = {},
  OPTnote = 	 {http://www.shellandslate.com/fastmedian.html},
  OPTannote = 	 {}
}


